<record><leader>00000cas a22000007a 4500</leader><controlfield tag="001">12429986</controlfield><controlfield tag="008">850827d19061920iauwr ne      0    0eng d</controlfield><controlfield tag="009">5087</controlfield><datafield ind1=" " ind2=" " tag="010"><subfield code="a">sn 85050941 </subfield></datafield><datafield ind1=" " ind2=" " tag="040"><subfield code="a">INP</subfield><subfield code="b">eng</subfield><subfield code="c">INP</subfield><subfield code="d">DLC</subfield><subfield code="d">INP</subfield></datafield><datafield ind1="1" ind2=" " tag="029"><subfield code="a">AU@</subfield><subfield code="b">000025790403</subfield></datafield><datafield ind1=" " ind2=" " tag="042"><subfield code="a">msc</subfield></datafield><datafield ind1="0" ind2=" " tag="130"><subfield code="a">Boone news-Republican (Boone, Iowa : 1906 : Weekly)</subfield></datafield><datafield ind1="0" ind2="0" tag="245"><subfield code="a">Boone news-Republican.</subfield></datafield><datafield ind1="1" ind2="0" tag="246"><subfield code="a">Boone news Republican</subfield></datafield><datafield ind1="1" ind2="3" tag="246"><subfield code="a">Boone weekly news-Republican</subfield></datafield><datafield ind1=" " ind2=" " tag="260"><subfield code="a">Boone, Iowa :</subfield><subfield code="b">S.G. Goldthwaite,</subfield><subfield code="c">1906-1920.</subfield></datafield><datafield ind1=" " ind2=" " tag="300"><subfield code="a">15 v. :</subfield><subfield code="b">ill. ;</subfield><subfield code="c">52-56 cm.</subfield></datafield><datafield ind1=" " ind2=" " tag="310"><subfield code="a">Weekly</subfield></datafield><datafield ind1="0" ind2=" " tag="362"><subfield code="a">Vol. 18, no. 40 (Oct. 4, 1906)-v. 32, no. 42 (Oct. 14, 1920).</subfield></datafield><datafield ind1=" " ind2=" " tag="500"><subfield code="a">Official paper of Boone County.</subfield></datafield><datafield ind1=" " ind2=" " tag="515"><subfield code="a">Issues for Oct. 25, 1906-Oct. 14, 1920, called also N.R. v. 1, no. 4-N.R. v. 14, no. 2.</subfield></datafield><datafield ind1=" " ind2=" " tag="525"><subfield code="a">Includes occasional supplements.</subfield></datafield><datafield ind1=" " ind2=" " tag="500"><subfield code="a">Originally edited by: S.G. Goldthwaite.</subfield></datafield><datafield ind1=" " ind2=" " tag="752"><subfield code="a">United States</subfield><subfield code="b">Iowa</subfield><subfield code="c">Boone</subfield><subfield code="d">Boone.</subfield></datafield><datafield ind1="0" ind2=" " tag="775"><subfield code="t">Boone news-Republican (Boone, Iowa : 1906 : Daily)</subfield><subfield code="w">(DLC)sn 85050942</subfield></datafield><datafield ind1="0" ind2="4" tag="780"><subfield code="t">Boone weekly news</subfield><subfield code="w">(DLC)sn 85050910</subfield></datafield><datafield ind1="0" ind2="4" tag="780"><subfield code="t">Boone County Republican</subfield><subfield code="w">(DLC)sn 84038060</subfield></datafield></record>